@article{article_Farina,
	author = {Farina, M. and Amato, P.},
	year = {2004},
	month = {06},
	pages = {315 - 326},
	title = {A Fuzzy Definition of “Optimality” for Many-Criteria Optimization Problems},
	volume = {34},
	journal = {Systems, Man and Cybernetics, Part A: Systems and Humans, IEEE Transactions on},
	doi = {10.1109/TSMCA.2004.824873}
}
@Inbook{Tan2008,
	author="Tan, Kay Chen
	and Goh, Chi Keong",
	editor="Zurada, Jacek M.
	and Yen, Gary G.
	and Wang, Jun",
	title="Handling Uncertainties in Evolutionary Multi-Objective Optimization",
	bookTitle="Computational Intelligence: Research Frontiers: IEEE World Congress on Computational Intelligence, WCCI 2008, Hong Kong, China, June 1-6, 2008, Plenary/Invited Lectures",
	year="2008",
	publisher="Springer Berlin Heidelberg",
	address="Berlin, Heidelberg",
	pages="262--292",
	isbn="978-3-540-68860-0",
	doi="10.1007/978-3-540-68860-0_13",
	url="https://doi.org/10.1007/978-3-540-68860-0_13"
}
@Article{Khor2005,
	author={Khor, E. F.
	and Tan, K. C.
	and Lee, T. H.
	and Goh, C. K.},
	title={A Study on Distribution Preservation Mechanism in Evolutionary Multi-Objective Optimization},
	journal={Artificial Intelligence Review},
	year={2005},
	month={Mar},
	day={01},
	volume={23},
	number={1},
	pages={31-33},
	doi={10.1007/s10462-004-2902-3},
	url={https://doi.org/10.1007/s10462-004-2902-3}
}
@InProceedings{10.1007/978-3-540-31880-4_30,
	author="Bosman, Peter A. N.
	and Thierens, Dirk",
	editor="Coello Coello, Carlos A.
	and Hern{\'a}ndez Aguirre, Arturo
	and Zitzler, Eckart",
	title="The Naive A: A Baseline Multi--objective EA",
	booktitle="Evolutionary Multi-Criterion Optimization",
	year="2005",
	publisher="Springer Berlin Heidelberg",
	address="Berlin, Heidelberg",
	pages="428--442",
	abstract="Estimation of distribution algorithms have been shown to perform well on a wide variety of single--objective optimization problems. Here, we look at a simple -- yet effective -- extension of this paradigm for multi--objective optimization, called the naiveA. The probabilistic model in this specific algorithm is a mixture distribution, and each component in the mixture is a univariate factorization. Mixture distributions allow for wide--spread exploration of the Pareto front thus aiding the important preservation of diversity in multi--objective optimization. Due to its simplicity, speed, and effectiveness the naive A can well serve as a baseline algorithm for multi--objective evolutionary algorithms.",
	isbn="978-3-540-31880-4"
}


@article{laumanns2000a,
	author = "M. Laumanns and E. Zitzler and L. Thiele",
	title = "A unified model for multi-objective evolutionary algorithms with elitism, ” in {Proceedings} of the 2000 {IEEE} {Congress} on {Evolutionary} {Computation}",
	volume = "1",
	pages = "46--53",
	year = 2000
}
@book{schaffer1985multiobjective,
	author = "J. D. Schaffer",
	title = "Multi-{Objective} {Optimization} with {Vector} {Evaluated} {Genetic} {Algo}- rithms",
	publisher = "” in Proceedings of the First International Conference on Genetic Algorithms",
	pages = "93--100",
	year = 1985
}

@article{RAO2011303,
	title = {Teaching–learning-based optimization: A novel method for constrained mechanical design optimization problems},
	journal = {Computer-Aided Design},
	volume = {43},
	number = {3},
	pages = {303-315},
	year = {2011},
	issn = {0010-4485},
	doi = {https://doi.org/10.1016/j.cad.2010.12.015},
	url = {https://www.sciencedirect.com/science/article/pii/S0010448510002484},
	author = {R.V. Rao and V.J. Savsani and D.P. Vakharia},
	keywords = {Teaching–learning-based optimization, Constrained benchmark functions, Mechanical design optimization}
}

@article{SAMAREHMOOSAVI2019165,
	title = {Poor and rich optimization algorithm: A new human-based and multi populations algorithm},
	journal = {Engineering Applications of Artificial Intelligence},
	volume = {86},
	pages = {165-181},
	year = {2019},
	issn = {0952-1976},
	doi = {https://doi.org/10.1016/j.engappai.2019.08.025},
	url = {https://www.sciencedirect.com/science/article/pii/S0952197619302167},
	author = {Seyyed Hamid {Samareh Moosavi} and Vahid Khatibi Bardsiri},
	keywords = {Human based algorithm, Poor and rich optimization algorithm, Benchmark function, Engineering problems}
}

@Article{Mousavirad2017,
	author={Mousavirad, Seyed Jalaleddin
	and Ebrahimpour-Komleh, Hossein},
	title={Human mental search: a new population-based metaheuristic optimization algorithm},
	journal={Applied Intelligence},
	year={2017},
	month={Oct},
	day={01},
	volume={47},
	number={3},
	pages={850-887}
	issn={1573-7497},
	doi={10.1007/s10489-017-0903-6},
	url={https://doi.org/10.1007/s10489-017-0903-6}
}


@Article{app10175791,
	AUTHOR = {Dehghani, Mohammad and Mardaneh, Mohammad and Guerrero, Josep M. and Malik, Om Parkash and Ramirez-Mendoza, Ricardo A. and Matas, José and Vasquez, Juan C. and Parra-Arroyo, Lizeth},
	TITLE = {A New “Doctor and Patient” Optimization Algorithm: An Application to Energy Commitment Problem},
	JOURNAL = {Applied Sciences},
	VOLUME = {10},
	YEAR = {2020},
	NUMBER = {17},
	ARTICLE-NUMBER = {5791},
	URL = {https://www.mdpi.com/2076-3417/10/17/5791},
	ISSN = {2076-3417},
	DOI = {10.3390/app10175791}
}

@Article{Nobahari2022,
	author={Nobahari, Hadi
	and Eqra, Navid
	and Bighashdel, Ariyan},
	title={Real Estate Market-Based Optimization Algorithm (REMARK): a market-inspired metaheuristic optimization algorithm based on the law of supply and demand},
	journal={Journal of Ambient Intelligence and Humanized Computing},
	year={2022},
	month={Aug},
	day={12},
	issn={1868-5145},
	doi={10.1007/s12652-022-04332-8},
	url={https://doi.org/10.1007/s12652-022-04332-8}
}











